@article{bosshart2014p4,
	title={P4: Programming protocol-independent packet processors},
	author={Bosshart, Pat and Daly, Dan and Gibb, Glen and Izzard, Martin and McKeown, Nick and Rexford, Jennifer and Schlesinger, Cole and Talayco, Dan and Vahdat, Amin and Varghese, George and others},
	journal={ACM SIGCOMM Computer Communication Review},
	volume={44},
	number={3},
	pages={87--95},
	year={2014},
	publisher={ACM}
}

@article{claise2004cisco,
	title={Cisco Systems NetFlow Services Export Version 9: RFC 3954},
	author={Claise, B},
	journal={Internet Engineering Task Force},
	year={2004}
}

@inproceedings{wu2014efficient,
	title={Efficient large flow detection over arbitrary windows: An algorithm exact outside an ambiguity region},
	author={Wu, Hao and Hsiao, Hsu-Chun and Hu, Yih-Chun},
	booktitle={Proceedings of the 2014 Conference on Internet Measurement Conference},
	pages={209--222},
	year={2014},
	organization={ACM}
}

@article{misra1982finding,
	title={Finding repeated elements},
	author={Misra, Jayadev and Gries, David},
	journal={Science of computer programming},
	volume={2},
	number={2},
	pages={143--152},
	year={1982},
	publisher={Elsevier}
}

@article{cormode2005improved,
	title={An improved data stream summary: the count-min sketch and its applications},
	author={Cormode, Graham and Muthukrishnan, Shan},
	journal={Journal of Algorithms},
	volume={55},
	number={1},
	pages={58--75},
	year={2005},
	publisher={Elsevier}
}

@article{estan2003new,
	title={New directions in traffic measurement and accounting: Focusing on the elephants, ignoring the mice},
	author={Estan, Cristian and Varghese, George},
	journal={ACM Transactions on Computer Systems (TOCS)},
	volume={21},
	number={3},
	pages={270--313},
	year={2003},
	publisher={ACM}
}

@unpublished{anon2019herd,
	title={Herding the Elephants: Detecting Network-Wide Heavy Hitters with Limited Resources},
	author={Anonymous},
	year={2019},
	note{Unpublished paper}
}
